% BibTeX bibliography file


@STRING{ACCV = {ACCV}}



@STRING{CVPR = {Proc. CVPR}}

@STRING{ECCV = {Proc. ECCV}}

@STRING{ICCV = {Proc. ICCV}}
@STRING{MM = {Proc. ACM Multimedia}}

@STRING{ICIP = {Proc. ICIP}}

@STRING{ICML = {Proc. ICML}}

@STRING{IEEE_J_CASVT = {{IEEE} TCSVT}}

@STRING{TPAMI = {{IEEE} TPAMI}}

@STRING{TIP = {{IEEE} TIP}}

@STRING{TKDE = {{IEEE} TKDE}}

@STRING{TCYB = {{IEEE} TCYB}}

@STRING{IEEE_J_TIP = {{IEEE} TIP}}

@STRING{IEEE_J_TMM = {{IEEE} TMM}}

@STRING{IJCV = {IJCV}}

@STRING{JMLR = {JMLR}}

@STRING{ML = {Mach. Learn.}}

@STRING{MS = {Management Sci.}}

@STRING{NIPS = {Proc. NIPS}}

@STRING{PR = {Pattern Recogn.}}

@STRING{SIGIR = {Proc. SIGIR}}

@STRING{SIGMOD = {Proc. SIGMOD}}

@STRING{VLDB = {Proc. VLDB}}

@STRING{AISTATS = {Proc. AISTATS}}

@STRING{TOIS = {{ACM} TOIS}}

@STRING{AAAI = {Proc. AAAI}}

@STRING{IJCAI = {Proc. IJCAI}}



@article{sketchanet, 
  author    = {Qian Yu and
               Yongxin Yang and
               Feng Liu and
               Yi{-}Zhe Song and
               Tao Xiang and
               Timothy M. Hospedales},
  title     = {Sketch-a-Net: {A} Deep Neural Network that Beats Humans},
  journal   = {International Journal of Computer Vision},
  volume    = {122},
  number    = {3},
  pages     = {411--425},
}

@inproceedings{2012sketchhash,
 author    = {Konstantinos Bozas and
               Ebroul Izquierdo},
  title     = {Large Scale Sketch Based Image Retrieval Using Patch Hashing},
  booktitle = {Advances in Visual Computing - 8th International Symposium, {ISVC}
               2012, Rethymnon, Crete, Greece, July 16-18, 2012, Revised Selected
               Papers, Part {I}},
  pages     = {210--219},
  year      = {2012},
} 

@inproceedings{denton2015deep,
  title={Deep generative image models using a laplacian pyramid of adversarial networks},
  author={Denton, Emily L and Chintala, Soumith and Fergus, Rob and others},
  booktitle={Advances in neural information processing systems},
  pages={1486--1494},
  year={2015}
}

@inproceedings{song2017deep,
  title={Deep spatial-semantic attention for fine-grained sketch-based image retrieval},
  author={Song, Jifei and Qian, Yu and Song, Yi-Zhe and Xiang, Tao and Hospedales, Timothy},
  booktitle={ICCV},
  year={2017}
}


@inproceedings{sangkloy2017scribbler,
  title={Scribbler: Controlling deep image synthesis with sketch and color},
  author={Sangkloy, Patsorn and Lu, Jingwan and Fang, Chen and Yu, Fisher and Hays, James},
  booktitle={IEEE Conference on Computer Vision and Pattern Recognition (CVPR)},
  volume={2},
  year={2017}
}

@article{pix2pix2017,
  title={Image-to-Image Translation with Conditional Adversarial Networks},
  author={Isola, Phillip and Zhu, Jun-Yan and Zhou, Tinghui and Efros, Alexei A},
  jbooktitle={IEEE Conference on Computer Vision and Pattern Recognition (CVPR)},
  year={2017}
}

@inproceedings{mathieu2016disentangling,
  title={Disentangling factors of variation in deep representation using adversarial training},
  author={Mathieu, Michael F and Zhao, Junbo Jake and Zhao, Junbo and Ramesh, Aditya and Sprechmann, Pablo and LeCun, Yann},
  booktitle={Advances in Neural Information Processing Systems},
  pages={5040--5048},
  year={2016}
}

@inproceedings{goodfellow2014generative,
  title={Generative adversarial nets},
  author={Goodfellow, Ian and Pouget-Abadie, Jean and Mirza, Mehdi and Xu, Bing and Warde-Farley, David and Ozair, Sherjil and Courville, Aaron and Bengio, Yoshua},
  booktitle={Advances in neural information processing systems},
  pages={2672--2680},
  year={2014}
}


@inproceedings{Yu2016shoes,
 author    = {Qian Yu and
               Feng Liu and
               Yi{-}Zhe Song and
               Tao Xiang and
               Timothy M. Hospedales and
               Chen Change Loy},
  title     = {Sketch Me That Shoe},
  booktitle = {2016 {IEEE} Conference on Computer Vision and Pattern Recognition,
               {CVPR} 2016, Las Vegas, NV, USA, June 27-30, 2016},
  pages     = {799--807},
  year      = {2016},
} 


@inproceedings{dalal2005,
author    = {Navneet Dalal and
               Bill Triggs},
  title     = {Histograms of Oriented Gradients for Human Detection},
  booktitle = {2005 {IEEE} Computer Society Conference on Computer Vision and Pattern
               Recognition {(CVPR} 2005), 20-26 June 2005, San Diego, CA, {USA}},
  pages     = {886--893},
  year      = {2005},
} 


@inproceedings{hu2010,
  author    = {Rui Hu and
               Mark Barnard and
               John P. Collomosse},
  title     = {Gradient field descriptor for sketch based retrieval and localization},
  booktitle = {Proceedings of the International Conference on Image Processing, {ICIP}
               2010, September 26-29, Hong Kong, China},
  pages     = {1025--1028},
  year      = {2010},
  }

@article{hu2010_1,
  author    = {Rui Hu and
               John P. Collomosse},
  title     = {A performance evaluation of gradient field {HOG} descriptor for sketch
               based image retrieval},
  journal   = {Computer Vision and Image Understanding},
  volume    = {117},
  number    = {7},
  pages     = {790--806},
  year      = {2013},
  }

  @inproceedings{Lowe99,
  author    = {David G. Lowe},
  title     = {Object Recognition from Local Scale-Invariant Features},
  booktitle = {{ICCV}},
  pages     = {1150--1157},
  year      = {1999},
  }

  @inproceedings{Saavedra14,
  author    = {Jose M. Saavedra},
  title     = {Sketch based image retrieval using a soft computation of the histogram
               of edge local orientations {(S-HELO)}},
  booktitle = {2014 {IEEE} International Conference on Image Processing, {ICIP} 2014,
               Paris, France, October 27-30, 2014},
  pages     = {2998--3002},
  year      = {2014},
  }


@inproceedings{SaavedraB15,
  author    = {Jose M. Saavedra and
               Juan Manuel Barrios},
  title     = {Sketch based Image Retrieval using Learned KeyShapes {(LKS)}},
  booktitle = {Proceedings of the British Machine Vision Conference 2015, {BMVC}
               2015, Swansea, UK, September 7-10, 2015},
  pages     = {164.1--164.11},
  year      = {2015},
}

@inproceedings{SaavedraB10,
  author    = {Jose M. Saavedra and
               Benjamin Bustos},
  title     = {An Improved Histogram of Edge Local Orientations for Sketch-Based
               Image Retrieval},
  booktitle = {Pattern Recognition - 32nd {DAGM} Symposium, Darmstadt, Germany, September
               22-24, 2010. Proceedings},
  pages     = {432--441},
  year      = {2010},
  }



@inproceedings{LiuSSLS17,
  author    = {Li Liu and
               Fumin Shen and
               Yuming Shen and
               Xianglong Liu and
               Ling Shao},
  title     = {Deep Sketch Hashing: Fast Free-Hand Sketch-Based Image Retrieval},
  booktitle = {2017 {IEEE} Conference on Computer Vision and Pattern Recognition,
               {CVPR} 2017, Honolulu, HI, USA, July 21-26, 2017},
  pages     = {2298--2307},
  year      = {2017},
  }

@article{SangkloyBHH16,
  author    = {Patsorn Sangkloy and
               Nathan Burnell and
               Cusuh Ham and
               James Hays},
  title     = {The sketchy database: learning to retrieve badly drawn bunnies},
  journal   = {{ACM} Trans. Graph.},
  volume    = {35},
  number    = {4},
  pages     = {119:1--119:12},
  year      = {2016},
  }

@article{abs-1710-09412,
  author    = {Hongyi Zhang and
               Moustapha Ciss{\'{e}} and
               Yann N. Dauphin and
               David Lopez{-}Paz},
  title     = {mixup: Beyond Empirical Risk Minimization},
  journal   = {CoRR},
  volume    = {abs/1710.09412},
  year      = {2017},
  }



@inproceedings{SunWXZ13,
  author    = {Xinghai Sun and
               Changhu Wang and
               Chao Xu and
               Lei Zhang},
  title     = {Indexing billions of images for sketch-based retrieval},
  booktitle = {{ACM} Multimedia Conference, {MM} '13, Barcelona, Spain, October 21-25,
               2013},
  pages     = {233--242},
  year      = {2013},
  }

@article{BuiRPC16,
  author    = {Tu Bui and
               Leonardo Ribeiro and
               Moacir Ponti and
               John P. Collomosse},
  title     = {Generalisation and Sharing in Triplet Convnets for Sketch based Visual
               Search},
  journal   = {CoRR},
  volume    = {abs/1611.05301},
  year      = {2016},
  }

  @inproceedings{SongYSXH17,
  author    = {Jifei Song and
               Qian Yu and
               Yi{-}Zhe Song and
               Tao Xiang and
               Timothy M. Hospedales},
  title     = {Deep Spatial-Semantic Attention for Fine-Grained Sketch-Based Image
               Retrieval},
  booktitle = {{IEEE} International Conference on Computer Vision, {ICCV} 2017, Venice,
               Italy, October 22-29, 2017},
  pages     = {5552--5561},
  year      = {2017},
  }

@inproceedings{GuoLWLWL17,
  author    = {Longteng Guo and
               Jing Liu and
               Yuhang Wang and
               Zhonghua Luo and
               Wei Wen and
               Hanqing Lu},
  title     = {Sketch-based Image Retrieval using Generative Adversarial Networks},
  booktitle = {Proceedings of the 2017 {ACM} on Multimedia Conference, {MM} 2017,
               Mountain View, CA, USA, October 23-27, 2017},
  pages     = {1267--1268},
  year      = {2017},}



@article{EitzHBA10,
  author    = {Mathias Eitz and
               Kristian Hildebrand and
               Tamy Boubekeur and
               Marc Alexa},
  title     = {An evaluation of descriptors for large-scale image retrieval from
               sketched feature lines},
  journal   = {Computers {\&} Graphics},
  volume    = {34},
  number    = {5},
  pages     = {482--498},
  year      = {2010}
  }

  @inproceedings{ParuiM14,
  author    = {Sarthak Parui and
               Anurag Mittal},
  title     = {Similarity-Invariant Sketch-Based Image Retrieval in Large Databases},
  booktitle = {Computer Vision - {ECCV} 2014 - 13th European Conference, Zurich,
               Switzerland, September 6-12, 2014, Proceedings, Part {VI}},
  pages     = {398--414},
  year      = {2014},
  }
@article{EitzHBA10,
  author    = {Mathias Eitz and
               Kristian Hildebrand and
               Tamy Boubekeur and
               Marc Alexa},
  title     = {An evaluation of descriptors for large-scale image retrieval from
               sketched feature lines},
  journal   = {Computers {\&} Graphics},
  volume    = {34},
  number    = {5},
  pages     = {482--498},
  year      = {2010},
  }

@inproceedings{IsolaZZE17,
  author    = {Phillip Isola and
               Jun{-}Yan Zhu and
               Tinghui Zhou and
               Alexei A. Efros},
  title     = {Image-to-Image Translation with Conditional Adversarial Networks},
  booktitle = {2017 {IEEE} Conference on Computer Vision and Pattern Recognition,
               {CVPR} 2017, Honolulu, HI, USA, July 21-26, 2017},
  pages     = {5967--5976},
  year      = {2017},}

@inproceedings{GoodfellowPMXWOCB14,
  author    = {Ian J. Goodfellow and
               Jean Pouget{-}Abadie and
               Mehdi Mirza and
               Bing Xu and
               David Warde{-}Farley and
               Sherjil Ozair and
               Aaron C. Courville and
               Yoshua Bengio},
  title     = {Generative Adversarial Nets},
  booktitle = {Advances in Neural Information Processing Systems 27: Annual Conference
               on Neural Information Processing Systems 2014, December 8-13 2014,
               Montreal, Quebec, Canada},
  pages     = {2672--2680},
  year      = {2014},
  }

@inproceedings{DH15cvpr,
  author     = {Venice Erin Liong and Jiwen Lu and Gang Wang and Pierre Moulin and Jie Zhou},
  title      = {Deep hashing for compact binary codes learning},
  booktitle  = CVPR,
  pages      = {2475--2483},
  year       = {2015}
}

@inproceedings{liu2014discrete,
  title      = {Discrete graph hashing},
  author     = {Liu, Wei and Mu, Cun and Kumar, Sanjiv and Chang, Shih-Fu},
  booktitle  = NIPS,
  pages      = {3419--3427},
  year       = {2014}
}

@inproceedings{KSH2012,
  author     = {Liu, Wei and Wang, Jun and Ji, Rongrong and Jiang, Yu-Gang and Chang, Shih-Fu},
  title      = {Supervised hashing with kernels},
  booktitle  = CVPR,
  pages      = {2074--2081},
  year       = {2012}
}

@inproceedings{shen2015supervised,
  title      = {Supervised Discrete Hashing},
  author     = {Shen, Fumin and Shen, Chunhua and Liu, Wei and Shen, Heng Tao},
  booktitle  = CVPR,
  pages      = {37--45},
  year       = {2015},
}

@inproceedings{SH08,
  author     = {Yair Weiss and Antonio Torralba and Robert Fergus},
  title      = {Spectral Hashing},
  booktitle  = NIPS,
  pages      = {1753--1760},
  year       = {2008}
}

@inproceedings{zhang2016efficient,
  title      = {Efficient Training of Very Deep Neural Networks for Supervised Hashing},
  author     = {Zhang, Ziming and Chen, Yuting and Saligrama, Venkatesh},
  booktitle  = CVPR,
  pages      = {1487--1495},
  year       = {2016}
}

@article{shen2017tmm,
  author     = {Fumin Shen and Yang Yang and Li Liu and Wei Liu and Dacheng Tao, Heng Tao Shen},
  journal    = IEEE_J_TMM, 
  title      = {Asymmetric Binary Coding for Image Search},
  volume     = {19},
  number     = {9},
  pages      = {2022--2032},
  year       = {2017},
}

@inproceedings{qin2017action,
  author     = {Jie Qin and Li Liu and Ling Shao and Bingbing Ni and Chen Chen and Fumin Shen and Yunhong Wang}, 
  title      = {Binary Coding for Partial Action Analysis with Limited Observation Ratios},
  booktitle  = CVPR,
  pages      = {146--155},
  year       = {2017}
}
@inproceedings{LiPSHZH16,
  author    = {Ke Li and
               Kaiyue Pang and
               Yi{-}Zhe Song and
               Timothy M. Hospedales and
               Honggang Zhang and
               Yichuan Hu},
  title     = {Fine-grained sketch-based image retrieval: The role of part-aware
               attributes},
  booktitle = {2016 {IEEE} Winter Conference on Applications of Computer Vision,
               {WACV} 2016, Lake Placid, NY, USA, March 7-10, 2016},
  pages     = {1--9},
  year      = {2016}
  }


@inproceedings{liu2017coding,
  author     = {Li Liu and Ling Shao and Fumin Shen and  Mengyang Yu},
  title      = {Discretely Coding Semantic Rank Orders for Image Hashing},
  booktitle  = CVPR,
  pages      = {1425--1434},
  year       = {2017}
}
@article{XuYHSMWXKG18,
  author    = {Peng Xu and
               Qiyue Yin and
               Yongye Huang and
               Yi{-}Zhe Song and
               Zhanyu Ma and
               Liang Wang and
               Tao Xiang and
               W. Bastiaan Kleijn and
               Jun Guo},
  title     = {Cross-modal subspace learning for fine-grained sketch-based image
               retrieval},
  journal   = {Neurocomputing},
  volume    = {278},
  pages     = {75--86},
  year      = {2018}
  }

@article{abs-1711-09347,
  author    = {Xi Zhang and
               Siyu Zhou and
               Jiashi Feng and
               Hanjiang Lai and
               Bo Li and
               Yan Pan and
               Jian Yin and
               Shuicheng Yan},
  title     = {HashGAN: Attention-aware Deep Adversarial Hashing for Cross Modal
               Retrieval},
  journal   = {CoRR},
  volume    = {abs/1711.09347},
  year      = {2017},
  }
@inproceedings{LiPSHZH16,
  author    = {Ke Li and
               Kaiyue Pang and
               Yi{-}Zhe Song and
               Timothy M. Hospedales and
               Honggang Zhang and
               Yichuan Hu},
  title     = {Fine-grained sketch-based image retrieval: The role of part-aware
               attributes},
  booktitle = {2016 {IEEE} Winter Conference on Applications of Computer Vision,
               {WACV} 2016, Lake Placid, NY, USA, March 7-10, 2016},
  pages     = {1--9},
  year      = {2016}
  }

@article{LiPSHXZ17,
  author    = {Ke Li and
               Kaiyue Pang and
               Yi{-}Zhe Song and
               Timothy M. Hospedales and
               Tao Xiang and
               Honggang Zhang},
  title     = {Synergistic Instance-Level Subspace Alignment for Fine-Grained Sketch-Based
               Image Retrieval},
  journal   = {{IEEE} Trans. Image Processing},
  volume    = {26},
  number    = {12},
  pages     = {5908--5921},
  year      = {2017}}

@inproceedings{WangKL15,
  author    = {Fang Wang and
               Le Kang and
               Yi Li},
  title     = {Sketch-based 3D shape retrieval using Convolutional Neural Networks},
  booktitle = {{IEEE} Conference on Computer Vision and Pattern Recognition, {CVPR}
               2015, Boston, MA, USA, June 7-12, 2015},
  pages     = {1875--1883},
  year      = {2015}
  }

@inproceedings{LiHSG14,
  author    = {Yi Li and
               Timothy M. Hospedales and
               Yi{-}Zhe Song and
               Shaogang Gong},
  title     = {Intra-category sketch-based image retrieval by matching deformable
               part models},
  booktitle = {British Machine Vision Conference, {BMVC} 2014, Nottingham, UK, September
               1-5, 2014},
  year      = {2014}
  }

@inproceedings{XuYQSMWG16,
  author    = {Peng Xu and
               Qiyue Yin and
               Yonggang Qi and
               Yi{-}Zhe Song and
               Zhanyu Ma and
               Liang Wang and
               Jun Guo},
  title     = {Instance-Level Coupled Subspace Learning for Fine-Grained Sketch-Based
               Image Retrieval},
  booktitle = {Computer Vision - {ECCV} 2016 Workshops - Amsterdam, The Netherlands,
               October 8-10 and 15-16, 2016, Proceedings, Part {I}},
  pages     = {19--34},
  year      = {2016}}


@inproceedings{TsengLCH12,
  author    = {Kai{-}Yu Tseng and
               Yen{-}Liang Lin and
               Yu{-}Hsiu Chen and
               Winston H. Hsu},
  title     = {Sketch-based image retrieval on mobile devices using compact hash
               bits},
  booktitle = {Proceedings of the 20th {ACM} Multimedia Conference, {MM} '12, Nara,
               Japan, October 29 - November 02, 2012},
  pages     = {913--916},
  year      = {2012},
  }

  @inproceedings{FuruyaO14,
  author    = {Takahiko Furuya and
               Ryutarou Ohbuchi},
  title     = {Hashing Cross-Modal Manifold for Scalable Sketch-Based 3D Model Retrieval},
  booktitle = {2nd International Conference on 3D Vision, 3DV 2014, Tokyo, Japan,
               December 8-11, 2014, Volume 1},
  pages     = {543--550},
  year      = {2014},
  }

@inproceedings{QiSZL16,
  author    = {Yonggang Qi and
               Yi{-}Zhe Song and
               Honggang Zhang and
               Jun Liu},
  title     = {Sketch-based image retrieval via Siamese convolutional neural network},
  booktitle = {2016 {IEEE} International Conference on Image Processing, {ICIP} 2016,
               Phoenix, AZ, USA, September 25-28, 2016},
  pages     = {2460--2464},
  year      = {2016}}

  @inproceedings{ZhuPIE17,
  author    = {Jun{-}Yan Zhu and
               Taesung Park and
               Phillip Isola and
               Alexei A. Efros},
  title     = {Unpaired Image-to-Image Translation Using Cycle-Consistent Adversarial
               Networks},
  booktitle = {{IEEE} International Conference on Computer Vision, {ICCV} 2017, Venice,
               Italy, October 22-29, 2017},
  pages     = {2242--2251},
  year      = {2017},
  }

  @article{LuTT17,
  author    = {Yongyi Lu and
               Yu{-}Wing Tai and
               Chi{-}Keung Tang},
  title     = {Conditional CycleGAN for Attribute Guided Face Image Generation},
  journal   = {CoRR},
  volume    = {abs/1705.09966},
  year      = {2017},
  }

  @inproceedings{HeZRS16,
  author    = {Kaiming He and
               Xiangyu Zhang and
               Shaoqing Ren and
               Jian Sun},
  title     = {Deep Residual Learning for Image Recognition},
  booktitle = {2016 {IEEE} Conference on Computer Vision and Pattern Recognition,
               {CVPR} 2016, Las Vegas, NV, USA, June 27-30, 2016},
  pages     = {770--778},
  year      = {2016},
  }

  @inproceedings{ShenGLYS17,
  author    = {Fumin Shen and
               Xin Gao and
               Li Liu and
               Yang Yang and
               Heng Tao Shen},
  title     = {Deep Asymmetric Pairwise Hashing},
  booktitle = {Proceedings of the 2017 {ACM} on Multimedia Conference, {MM} 2017,
               Mountain View, CA, USA, October 23-27, 2017},
  pages     = {1522--1530},
  year      = {2017},
  }

  @article{GuiLSTT18,
  author    = {Jie Gui and
               Tongliang Liu and
               Zhenan Sun and
               Dacheng Tao and
               Tieniu Tan},
  title     = {Fast Supervised Discrete Hashing},
  journal   = {{IEEE} Trans. Pattern Anal. Mach. Intell.},
  volume    = {40},
  number    = {2},
  pages     = {490--496},
  year      = {2018},
  }

  @article{SangkloyBHH16,
  author    = {Patsorn Sangkloy and
               Nathan Burnell and
               Cusuh Ham and
               James Hays},
  title     = {The sketchy database: learning to retrieve badly drawn bunnies},
  journal   = {{ACM} Trans. Graph.},
  volume    = {35},
  number    = {4},
  pages     = {119:1--119:12},
  year      = {2016},
  }

  @article{EitzHA12,
  author    = {Mathias Eitz and
               James Hays and
               Marc Alexa},
  title     = {How do humans sketch objects?},
  journal   = {{ACM} Trans. Graph.},
  volume    = {31},
  number    = {4},
  pages     = {44:1--44:10},
  year      = {2012},
  }

  @inproceedings{deng2009imagenet,
  title      = {Imagenet: A large-scale hierarchical image database},
  author     = {Deng, Jia and Dong, Wei and Socher, Richard and Li, Li-Jia and Li, Kai and Fei-Fei, Li},
  booktitle  = CVPR,
  pages      = {248--255},
  year       = {2009}
}

@inproceedings{BousmalisSDEK17,
  author    = {Konstantinos Bousmalis and
               Nathan Silberman and
               David Dohan and
               Dumitru Erhan and
               Dilip Krishnan},
  title     = {Unsupervised Pixel-Level Domain Adaptation with Generative Adversarial
               Networks},
  booktitle = {2017 {IEEE} Conference on Computer Vision and Pattern Recognition,
               {CVPR} 2017, Honolulu, HI, USA, July 21-26, 2017},
  pages     = {95--104},
  year      = {2017},
}

@inproceedings{0008LZRWC16,
  author    = {Hua Zhang and
               Si Liu and
               Changqing Zhang and
               Wenqi Ren and
               Rui Wang and
               Xiaochun Cao},
  title     = {SketchNet: Sketch Classification with Web Images},
  booktitle = {2016 {IEEE} Conference on Computer Vision and Pattern Recognition,
               {CVPR} 2016, Las Vegas, NV, USA, June 27-30, 2016},
  pages     = {1105--1113},
  year      = {2016},
  }


@inproceedings{QiSZL16,
  author    = {Yonggang Qi and
               Yi{-}Zhe Song and
               Honggang Zhang and
               Jun Liu},
  title     = {Sketch-based image retrieval via Siamese convolutional neural network},
  booktitle = {2016 {IEEE} International Conference on Image Processing, {ICIP} 2016,
               Phoenix, AZ, USA, September 25-28, 2016},
  pages     = {2460--2464},
  year      = {2016},
  }



@inproceedings{Saavedra14,
  author    = {Jose M. Saavedra},
  title     = {Sketch based image retrieval using a soft computation of the histogram
               of edge local orientations {(S-HELO)}},
  booktitle = {2014 {IEEE} International Conference on Image Processing, {ICIP} 2014,
               Paris, France, October 27-30, 2014},
  pages     = {2998--3002},
  year      = {2014},
  }

  @inproceedings{WangKL15,
  author    = {Fang Wang and
               Le Kang and
               Yi Li},
  title     = {Sketch-based 3D shape retrieval using Convolutional Neural Networks},
  booktitle = {{IEEE} Conference on Computer Vision and Pattern Recognition, {CVPR}
               2015, Boston, MA, USA, June 7-12, 2015},
  pages     = {1875--1883},
  year      = {2015},
  }

  @inproceedings{DingGZ14,
  author    = {Guiguang Ding and
               Yuchen Guo and
               Jile Zhou},
  title     = {Collective Matrix Factorization Hashing for Multimodal Data},
  booktitle = {2014 {IEEE} Conference on Computer Vision and Pattern Recognition,
               {CVPR} 2014, Columbus, OH, USA, June 23-28, 2014},
  pages     = {2083--2090},
  year      = {2014},
  }

@inproceedings{BronsteinBMP10,
  author    = {Michael M. Bronstein and
               Alexander M. Bronstein and
               Fabrice Michel and
               Nikos Paragios},
  title     = {Data fusion through cross-modality metric learning using similarity-sensitive
               hashing},
  booktitle = {The Twenty-Third {IEEE} Conference on Computer Vision and Pattern
               Recognition, {CVPR} 2010, San Francisco, CA, USA, 13-18 June 2010},
  pages     = {3594--3601},
  year      = {2010},
  }

@inproceedings{KumarU11,
  author    = {Shaishav Kumar and
               Raghavendra Udupa},
  title     = {Learning Hash Functions for Cross-View Similarity Search},
  booktitle = {{IJCAI} 2011, Proceedings of the 22nd International Joint Conference
               on Artificial Intelligence, Barcelona, Catalonia, Spain, July 16-22,
               2011},
  pages     = {1360--1365},
  year      = {2011},
  }

  @inproceedings{ZhangL14,
  author    = {Dongqing Zhang and
               Wu{-}Jun Li},
  title     = {Large-Scale Supervised Multimodal Hashing with Semantic Correlation
               Maximization},
  booktitle = {Proceedings of the Twenty-Eighth {AAAI} Conference on Artificial Intelligence,
               July 27 -31, 2014, Qu{\'{e}}bec City, Qu{\'{e}}bec, Canada.},
  pages     = {2177--2183},
  year      = {2014},
  }

  @inproceedings{LinDH015,
  author    = {Zijia Lin and
               Guiguang Ding and
               Mingqing Hu and
               Jianmin Wang},
  title     = {Semantics-preserving hashing for cross-view retrieval},
  booktitle = {{IEEE} Conference on Computer Vision and Pattern Recognition, {CVPR}
               2015, Boston, MA, USA, June 7-12, 2015},
  pages     = {3864--3872},
  year      = {2015},
  }

  @inproceedings{JiangL17,
  author    = {Qing{-}Yuan Jiang and
               Wu{-}Jun Li},
  title     = {Deep Cross-Modal Hashing},
  booktitle = {2017 {IEEE} Conference on Computer Vision and Pattern Recognition,
               {CVPR} 2017, Honolulu, HI, USA, July 21-26, 2017},
  pages     = {3270--3278},
  year      = {2017},
  }

  @article{KingmaB14,
  author    = {Diederik P. Kingma and
               Jimmy Ba},
  title     = {Adam: {A} Method for Stochastic Optimization},
  journal   = {CoRR},
  volume    = {abs/1412.6980},
  year      = {2014},
  }
  @inproceedings{ViaSP05,
  author    = {Javier V{\'{\i}}a and
               Ignacio Santamar{\'{\i}}a and
               Jes{\'{u}}s P{\'{e}}rez},
  title     = {Canonical correlation analysis {(CCA)} algorithms for multiple data
               sets: Application to blind {SIMO} equalization},
  booktitle = {13th European Signal Processing Conference, {EUSIPCO} 2005, Antalya,
               Turkey, September 4-8, 2005},
  pages     = {1--4},
  year      = {2005},
  }

  @article{LiuMHCZ18,
  author    = {Huawen Liu and
               Zongjie Ma and
               Jianmin Han and
               Zhongyu Chen and
               Zhonglong Zheng},
  title     = {Regularized partial least squares for multi-label learning},
  journal   = {Int. J. Machine Learning {\&} Cybernetics},
  volume    = {9},
  number    = {2},
  pages     = {335--346},
  year      = {2018},
  }

  @inproceedings{LiaoHZL15,
  author    = {Shengcai Liao and
               Yang Hu and
               Xiangyu Zhu and
               Stan Z. Li},
  title     = {Person re-identification by Local Maximal Occurrence representation
               and metric learning},
  booktitle = {{IEEE} Conference on Computer Vision and Pattern Recognition, {CVPR}
               2015, Boston, MA, USA, June 7-12, 2015},
  pages     = {2197--2206},
  year      = {2015},
  }

  @inproceedings{XiePX14,
  author    = {Wenxuan Xie and
               Yuxin Peng and
               Jianguo Xiao},
  title     = {Cross-View Feature Learning for Scalable Social Image Analysis},
  booktitle = {Proceedings of the Twenty-Eighth {AAAI} Conference on Artificial Intelligence,
               July 27 -31, 2014, Qu{\'{e}}bec City, Qu{\'{e}}bec, Canada.},
  pages     = {201--207},
  year      = {2014},
  }

  @article{LiHSG15,
  author    = {Yi Li and
               Timothy M. Hospedales and
               Yi{-}Zhe Song and
               Shaogang Gong},
  title     = {Free-hand sketch recognition by multi-kernel feature learning},
  journal   = {Computer Vision and Image Understanding},
  volume    = {137},
  pages     = {1--11},
  year      = {2015},
  }